<?xml version="1.0" encoding="UTF-8"?>
<collection xmlns:xsi="http://www.w3.org/2001/XMLSchema-instance" xsi:schemaLocation="http://www.loc.gov/MARC21/slim http://www.loc.gov/standards/marcxml/schema/MARC21slim.xsd" xmlns="http://www.loc.gov/MARC21/slim">
<record>
  <leader>01646cam a2200385Ia 4500</leader>
  <controlfield tag="001">3128110</controlfield>
  <controlfield tag="003">NNC</controlfield>
  <controlfield tag="005">20140516141008.0</controlfield>
  <controlfield tag="008">011102s1928    ua       b    000 0 arard</controlfield>
  <datafield tag="035" ind1=" " ind2=" ">
    <subfield code="9">ATW1926CU</subfield>
  </datafield>
  <datafield tag="035" ind1=" " ind2=" ">
    <subfield code="a">(OCoLC)ocm17504482</subfield>
  </datafield>
  <datafield tag="040" ind1=" " ind2=" ">
    <subfield code="a">WAU</subfield>
    <subfield code="b">eng</subfield>
    <subfield code="c">WAU</subfield>
    <subfield code="d">OCLCG</subfield>
    <subfield code="d">OCLCA</subfield>
    <subfield code="d">MEAUC</subfield>
    <subfield code="d">RBN</subfield>
    <subfield code="d">NYP</subfield>
    <subfield code="d">OCLCQ</subfield>
    <subfield code="d">OCLCF</subfield>
  </datafield>
  <datafield tag="019" ind1=" " ind2=" ">
    <subfield code="a">122811659</subfield>
  </datafield>
  <datafield tag="035" ind1=" " ind2=" ">
    <subfield code="a">(OCoLC)17504482</subfield>
    <subfield code="z">(OCoLC)122811659</subfield>
  </datafield>
  <datafield tag="050" ind1=" " ind2="4">
    <subfield code="a">B746</subfield>
    <subfield code="b">1928</subfield>
  </datafield>
  <datafield tag="049" ind1=" " ind2=" ">
    <subfield code="a">ZCUA</subfield>
  </datafield>
  <datafield tag="110" ind1="2" ind2=" ">
    <subfield code="6">880-01</subfield>
    <subfield code="a">Ikhwān al-Ṣafāʼ.</subfield>
  </datafield>
  <datafield tag="245" ind1="1" ind2="0">
    <subfield code="a">Rasaʼil Ikhwān al-Safāʼ /</subfield>
    <subfield code="c">ʻAnī bi-taṣḥīḥah Khayr al-Dīn al-Ziriklī.</subfield>
  </datafield>
  <datafield tag="260" ind1=" " ind2=" ">
    <subfield code="a">[Cairo] :</subfield>
    <subfield code="b">al-Matbaʻah al-ʻArabiyah,</subfield>
    <subfield code="c">1928.</subfield>
  </datafield>
  <datafield tag="300" ind1=" " ind2=" ">
    <subfield code="a">4 v. ;</subfield>
    <subfield code="c">25 cm.</subfield>
  </datafield>
  <datafield tag="530" ind1=" " ind2=" ">
    <subfield code="a">Also issued online.</subfield>
  </datafield>
  <datafield tag="504" ind1=" " ind2=" ">
    <subfield code="a">Includes bibliographical references.</subfield>
  </datafield>
  <datafield tag="650" ind1=" " ind2="0">
    <subfield code="a">Sufism.</subfield>
  </datafield>
  <datafield tag="650" ind1=" " ind2="0">
    <subfield code="a">Ismailites.</subfield>
  </datafield>
  <datafield tag="650" ind1=" " ind2="7">
    <subfield code="a">Ismailites.</subfield>
    <subfield code="2">fast</subfield>
    <subfield code="0">(OCoLC)fst00980134</subfield>
  </datafield>
  <datafield tag="650" ind1=" " ind2="7">
    <subfield code="a">Sufism.</subfield>
    <subfield code="2">fast</subfield>
    <subfield code="0">(OCoLC)fst01137257</subfield>
  </datafield>
  <datafield tag="700" ind1="1" ind2=" ">
    <subfield code="a">Ziriklī, Khayr al-Dīn,</subfield>
    <subfield code="d">1893-1976.</subfield>
  </datafield>
  <datafield tag="776" ind1="0" ind2="8">
    <subfield code="i">Online version:</subfield>
    <subfield code="a">Ikhwān al-Ṣafāʼ.</subfield>
    <subfield code="t">Rasaʼil Ikhwān al-Safāʼ.</subfield>
    <subfield code="d">[Cairo] al-Matbaʻah al-ʻArabiyah. 1928</subfield>
    <subfield code="w">(OCoLC)604783608</subfield>
  </datafield>
  <datafield tag="776" ind1="0" ind2="8">
    <subfield code="i">Online version:</subfield>
    <subfield code="a">Ikhwān al-Ṣafāʼ.</subfield>
    <subfield code="t">Rasaʼil Ikhwān al-Safāʼ.</subfield>
    <subfield code="d">[Cairo] al-Matbaʻah al-ʻArabiyah. 1928</subfield>
    <subfield code="w">(OCoLC)624630677</subfield>
  </datafield>
  <datafield tag="880" ind1="2" ind2=" ">
    <subfield code="6">110-01/r</subfield>
    <subfield code="a">إخوان الصفاء.</subfield>
  </datafield>
  <datafield tag="880" ind1="1" ind2="0">
    <subfield code="6">240-00/r</subfield>
    <subfield code="a">رسائل</subfield>
  </datafield>
  <datafield tag="880" ind1="1" ind2="0">
    <subfield code="6">245-00/r</subfield>
    <subfield code="a">رسائل إخوان الصفاء وخلان الوفاء /</subfield>
    <subfield code="c">عني بتصحيحه خير الدين الزركلي.</subfield>
  </datafield>
  <datafield tag="880" ind1=" " ind2=" ">
    <subfield code="6">260-00/r</subfield>
    <subfield code="a">مصر :</subfield>
    <subfield code="b">المطبعة العربية،</subfield>
    <subfield code="c">1928.</subfield>
  </datafield>
  <datafield tag="880" ind1="1" ind2=" ">
    <subfield code="6">700-00/r</subfield>
    <subfield code="a">زركلي، خير الدين.</subfield>
  </datafield>
  <datafield tag="955" ind1=" " ind2=" ">
    <subfield code="b">CU13133071</subfield>
    <subfield code="d">off,glx</subfield>
    <subfield code="e">893.7991 Ik4</subfield>
    <subfield code="v">v.1-2</subfield>
  </datafield>
</record>
</collection>